
@article{leon1995time,
  title={Time frequency analysis theory and applications},
  author={Leon, Cohen},
  journal={USA: Pnentice Hall},
  year={1995}
}

@misc{TFTB-38:online,
author = {},
title = {TFTB -- Time-Frequency toolbox},
howpublished = {\url{http://tftb.nongnu.org/demos.html}},
month = {},
year = {},
note = {(Accessed on 05/10/2016)}
}

@misc{ThePh65:online,
author = {},
title = {The Phase Vocoder – Part I | Cycling ’74},
howpublished = {\url{https://cycling74.com/2006/11/02/the-phase-vocoder-%E2%80%93-part-i/#.VzKMoSCrTRY}},
month = {},
year = {},
note = {(Accessed on 05/10/2016)}
}